<?xml version="1.0" encoding="UTF-8"?><collection xmlns="http://www.loc.gov/MARC21/slim"><record><leader>00423nam--2200169-i-4500</leader><controlfield tag="001">000006436</controlfield><controlfield tag="002">20161230</controlfield><controlfield tag="005">20161230201026</controlfield><controlfield tag="008">060222s1000------------r-----000-0-rus-d</controlfield><datafield ind1=" " ind2=" " tag="041"><subfield code="a">rus</subfield></datafield><datafield ind1=" " ind2=" " tag="080"><subfield code="a">612.8:539.12.O4</subfield></datafield><datafield ind1="1" ind2=" " tag="100"><subfield code="a">Reva, A.D</subfield></datafield><datafield ind1="1" ind2="0" tag="245"><subfield code="a">Ioniziruyusie izlucenia i neirohimia</subfield><subfield code="c">A.d. reva</subfield></datafield><datafield ind1=" " ind2=" " tag="260"><subfield code="a">Moskva</subfield><subfield code="b">Atomizdat</subfield><subfield code="c">1974</subfield></datafield><datafield ind1=" " ind2=" " tag="300"><subfield code="a">239P</subfield></datafield><datafield ind1=" " ind2=" " tag="852"><subfield code="a">42307</subfield><subfield code="c">539.12.04</subfield></datafield><datafield ind1=" " ind2=" " tag="CAT"><subfield code="a">Sys</subfield><subfield code="c">20120207</subfield><subfield code="h">153006</subfield></datafield></record></collection>